

@MISC{URL1,
   AUTHOR       = "",
   TITLE        = "",
   YEAR         = "",
   NOTE         = "\url{http:/www.adresse.com/}, consult√© le 12/02/2018"
}
